

@book{epstein_growing_1996,
  title = {Growing {{Artificial Societies}}: {{Social Science}} from the {{Bottom Up}}},
  publisher = {{Brookings Institution Press}},
  author = {Epstein, J. and Axtell, R.},
  year = {1996}
}
